@article{squeezenet,
  title={SqueezeNet: AlexNet-level accuracy with 50x fewer parameters and< 0.5 MB model size},
  author={Iandola, Forrest N and Han, Song and Moskewicz, Matthew W and Ashraf, Khalid and Dally, William J and Keutzer, Kurt},
  journal={arXiv preprint arXiv:1602.07360},
  year={2016}
}
@inproceedings{residual,
  title={Deep residual learning for image recognition},
  author={He, Kaiming and Zhang, Xiangyu and Ren, Shaoqing and Sun, Jian},
  booktitle={Proceedings of the IEEE conference on computer vision and pattern recognition},
  pages={770--778},
  year={2016}
}



@article{mobilenets,
  title={Mobilenets: Efficient convolutional neural networks for mobile vision applications},
  author={Howard, Andrew G and Zhu, Menglong and Chen, Bo and Kalenichenko, Dmitry and Wang, Weijun and Weyand, Tobias and Andreetto, Marco and Adam, Hartwig},
  journal={arXiv preprint arXiv:1704.04861},
  year={2017}
}

@inproceedings{prunning,
  title={Learning both weights and connections for efficient neural network},
  author={Han, Song and Pool, Jeff and Tran, John and Dally, William},
  booktitle={Advances in neural information processing systems},
  pages={1135--1143},
  year={2015}
}
@article{structuredprunning,
  title={Structured pruning of deep convolutional neural networks},
  author={Anwar, Sajid and Hwang, Kyuyeon and Sung, Wonyong},
  journal={ACM Journal on Emerging Technologies in Computing Systems (JETC)},
  volume={13},
  number={3},
  pages={32},
  year={2017},
  publisher={ACM}
}
@inproceedings{dynamic,
  title={Dynamic network surgery for efficient dnns},
  author={Guo, Yiwen and Yao, Anbang and Chen, Yurong},
  booktitle={Advances In Neural Information Processing Systems},
  pages={1379--1387},
  year={2016}
}


@inproceedings{singular,
  title={Exploiting linear structure within convolutional networks for efficient evaluation},
  author={Denton, Emily L and Zaremba, Wojciech and Bruna, Joan and LeCun, Yann and Fergus, Rob},
  booktitle={Advances in neural information processing systems},
  pages={1269--1277},
  year={2014}
}

@mastersthesis{tucker,
  title={Compression of convolutional neural networks using Tucker Decomposition},
  author={Gran{\'e}s Santamaria, Cristina},
  year={2017},
  school={Universitat Polit{\`e}cnica de Catalunya}
}

@article{glram,
  title={Generalized low rank approximations of matrices},
  author={Ye, Jieping},
  journal={Machine Learning},
  volume={61},
  number={1-3},
  pages={167--191},
  year={2005},
  publisher={Springer}
}

@inproceedings{block,
  title={C ir CNN: accelerating and compressing deep neural networks using block-circulant weight matrices},
  author={Ding, Caiwen and Liao, Siyu and Wang, Yanzhi and Li, Zhe and Liu, Ning and Zhuo, Youwei and Wang, Chao and Qian, Xuehai and Bai, Yu and Yuan, Geng and others},
  booktitle={Proceedings of the 50th Annual IEEE/ACM International Symposium on Microarchitecture},
  pages={395--408},
  year={2017},
  organization={ACM}
}

@ARTICLE{deepcompress,
   author = {{Han}, S. and {Mao}, H. and {Dally}, W.~J.},
    title = "{Deep Compression: Compressing Deep Neural Networks with Pruning, Trained Quantization and Huffman Coding}",
  journal = {ArXiv e-prints},
archivePrefix = "arXiv",
   eprint = {1510.00149},
 primaryClass = "cs.CV",
 keywords = {Computer Science - Computer Vision and Pattern Recognition, Computer Science - Neural and Evolutionary Computing},
     year = 2015,
    month = oct,
   adsurl = {http://adsabs.harvard.edu/abs/2015arXiv151000149H},
  adsnote = {Provided by the SAO/NASA Astrophysics Data System}
}

@inproceedings{binary,
  title={Binaryconnect: Training deep neural networks with binary weights during propagations},
  author={Courbariaux, Matthieu and Bengio, Yoshua and David, Jean-Pierre},
  booktitle={Advances in neural information processing systems},
  pages={3123--3131},
  year={2015}
}

@article{ternary,
  title={Trained ternary quantization},
  author={Zhu, Chenzhuo and Han, Song and Mao, Huizi and Dally, William J},
  journal={arXiv preprint arXiv:1612.01064},
  year={2016}
}

@article{design,
  title={Design issues in division and other floating-point operations},
  author={Oberman, Stuart F and Flynn, Michael J},
  journal={IEEE Transactions on computers},
  volume={46},
  number={2},
  pages={154--161},
  year={1997},
  publisher={IEEE}
}
